@inproceedings{ghemawat2003google,
  title={The Google file system},
  author={Ghemawat, Sanjay and Gobioff, Howard and Leung, Shun-Tak},
  booktitle={ACM SIGOPS operating systems review},
  volume={37},
  number={5},
  pages={29--43},
  year={2003},
  organization={ACM}
}

@article{Tian2011,
author = {Tian, Yuan and Klasky, Scott and Abbasi, Hasan and Lofstead, Jay and Grout, Ray and Podhorszki, Norbert and Liu, Qing and Wang, Yandong and Yu, Weikuan},
isbn = {9780769545165},
issn = {15525244},
journal = {Proceedings - IEEE International Conference on Cluster Computing, ICCC},
keywords = {ADIOS,Data Organization,Parallel I/O,Planar Read Patterns,Space Filling Curve},
pages = {93--102},
title = {{EDO: Improving read performance for scientific applications through elastic data organization}},
volume = {1},
year = {2011}
}

@article{Borrill2009,
author = {Borrill, Julian and Oliker, Leonid and Shalf, John and Shan, Hongzhang and Uselton, Andrew},
issn = {01678191},
journal = {Parallel Computing},
keywords = {CXFS,Cosmic microwave background,GPFS,Global parallel file system,I/O benchmarking,Lustre,PVFS2},
number = {6},
pages = {358--373},
publisher = {Elsevier B.V.},
title = {{HPC global file system performance analysis using a scientific-application derived benchmark}},
url = {http://dx.doi.org/10.1016/j.parco.2009.02.002},
volume = {35},
year = {2009}
}


@article{Lofstead2009,
author = {Lofstead, Jay and Zheng, Fang and Klasky, Scott and Schwan, Karsten},
isbn = {9781424437504},
issn = {1530-2075},
journal = {IPDPS 2009 - Proceedings of the 2009 IEEE International Parallel and Distributed Processing Symposium},
number = {April 2016},
title = {{Adaptable, metadata rich IO methods for portable high performance IO}},
year = {2009}
}


@article{Lofstead2010,
author = {Lofstead, Jay and Zheng, Fang and Liu, Qing and Klasky, Scott and Oldfield, Ron and Kordenbrock, Todd and Schwan, Karsten and Wolf, Matthew},
isbn = {9781424475575},
journal = {2010 ACM/IEEE International Conference for High Performance Computing, Networking, Storage and Analysis, SC 2010},
number = {November},
title = {{Managing variability in the IO performance of petascale storage systems}},
year = {2010}
}


@article{Xie2012,
author = {Xie, Bing and Chase, Jeffrey and Dillow, David and Drokin, Oleg and Klasky, Scott and Oral, Sarp and Podhorszki, Norbert},
isbn = {9781467308069},
issn = {21674329},
journal = {International Conference for High Performance Computing, Networking, Storage and Analysis, SC},
title = {{Characterizing output bottlenecks in a supercomputer}},
year = {2012}
}

@article{Henschel2012,
author = {Henschel, Robert and Simms, Stephen and Hancock, David and Michael, Scott and Johnson, Tom and Heald, Nathan and William, Thomas and Berry, Donald and Allen, Matt and Knepper, Richard and Davy, Matthew and Link, Matthew and Stewart, Craig A.},
isbn = {9781467308069},
issn = {21674329},
journal = {International Conference for High Performance Computing, Networking, Storage and Analysis, SC},
title = {{Demonstrating Lustre over a 100Gbps wide area network of 3,500km}},
year = {2012}
}

@article{Crosby2009,
author = {Crosby, Lonnie D},
file = {:Users/samuel/Downloads/Distributed File Systems/lustre{\_}performance{\_}characteristics.pdf:pdf},
keywords = {cray xt5,io,ior,lustre},
mendeley-groups = {Distributed Systems (CIS630)/Lustre},
pages = {1--6},
title = {{Performance Characteristics of the Lustre File System on the Cray XT5 with Respect to Application I / O Patterns .}},
year = {2009}
}

@article{Yu2006,
author = {Yu, H. and Sahoo, R. K. and Howson, C. and Alm{\'{a}}si, G. and Casta{\~{n}}os, J. G. and Gupta, M. and Moreira, J. E. and Parker, J. J. and Engelsiepen, T. E. and Ross, R. B. and Thakur, R. and Latham, R. and Gropp, W. D.},
isbn = {0780393686},
issn = {15300897},
journal = {Proceedings - International Symposium on High-Performance Computer Architecture},
pages = {190--199},
title = {{High performance file I/O for the blue gene/L supercomputer}},
volume = {2006},
year = {2006}
}


@article{Shipman2010,
author = {Shipman, Galen M. and Dillow, David A. and Oral, Sarp and Wang, Feiyi and Fuller, Douglas and Hill, Jason and Zhang, Zhe},
journal = {CUG '10 Proceedings of the Cray User Group meeting},
pages = {1--10},
title = {{Lessons learned in deploying the world's largest scale Lustre file system}},
year = {2010}
}

